@article{schr_SoundofInt,
  author = {Schroeder, Juliana and Epley, Nicholas},
  title = { Sources of accuracy in the empathic accuracy paradigm},
  date = {2015},
  journaltitle = {Emotion},
  doi = {10.1177/0956797615572906},
}

@article{Hall_2007,
  author = {Hall, Judith A and Schmid Mast, Marianne},
  title = {Sources of accuracy in the empathic accuracy paradigm.},
  date = {2007},
  journaltitle = {Emotion},
  volume = {7},
  issue = {2},
  pages = {438-446},
  doi = {10.1177/0956797615572906},
}

@article{kruger2005egocentrism,
  title={Egocentrism over e-mail: Can we communicate as well as we think?},
  author={Kruger, Justin and Epley, Nicholas and Parker, Jason and Ng, Zhi-Wen},
  journal={Journal of personality and social psychology},
  volume={89},
  number={6},
  pages={925},
  year={2005},
  publisher={American Psychological Association}
}

@Manual{R-base,
  title = {R: A Language and Environment for Statistical Computing},
  author = {{R Core Team}},
  organization = {R Foundation for Statistical Computing},
  address = {Vienna, Austria},
  year = {2020},
  url = {https://www.R-project.org/},
}
@Manual{R-papaja,
  title = {{papaja}: {Prepare} reproducible {APA} journal articles with {R Markdown}},
  author = {Frederik Aust and Marius Barth},
  year = {2020},
  note = {R package version 0.1.0.9997},
  url = {https://github.com/crsh/papaja},
}
@Manual{R-tinylabels,
  title = {{tinylabels}: Lightweight Variable Labels},
  author = {Marius Barth},
  year = {2021},
  note = {R package version 0.2.1},
  url = {https://github.com/mariusbarth/tinylabels},
}
@Manual{R-dplyr,
  title = {dplyr: A Grammar of Data Manipulation},
  author = {Hadley Wickham and Romain François and Lionel Henry and Kirill Müller},
  year = {2021},
  note = {R package version 1.0.7},
  url = {https://CRAN.R-project.org/package=dplyr},
}
@Book{R-ggplot2,
  author = {Hadley Wickham},
  title = {ggplot2: Elegant Graphics for Data Analysis},
  publisher = {Springer-Verlag New York},
  year = {2016},
  isbn = {978-3-319-24277-4},
  url = {https://ggplot2.tidyverse.org},
}
@Article{R-plyr,
  title = {The Split-Apply-Combine Strategy for Data Analysis},
  author = {Hadley Wickham},
  journal = {Journal of Statistical Software},
  year = {2011},
  volume = {40},
  number = {1},
  pages = {1--29},
  url = {http://www.jstatsoft.org/v40/i01/},
}
@Manual{R-readr,
  title = {readr: Read Rectangular Text Data},
  author = {Hadley Wickham and Jim Hester and Jennifer Bryan},
  year = {2021},
  note = {R package version 2.1.1},
  url = {https://CRAN.R-project.org/package=readr},
}
@Manual{R-pwr,
  title = {pwr: Basic Functions for Power Analysis},
  author = {Stephane Champely},
  year = {2020},
  note = {R package version 1.3-0},
  url = {https://CRAN.R-project.org/package=pwr},
}
